<?xml version="1.0" encoding="UTF-8"?><collection><record><leader>06277ntm a2200517 a 4500</leader><controlfield tag="001">006805270</controlfield><controlfield tag="003">MiAaHDL</controlfield><controlfield tag="005">20190719000000.0</controlfield><controlfield tag="006">m        d        </controlfield><controlfield tag="007">cr bn ---auaua</controlfield><controlfield tag="008">090530q14uu15uuxx            00| ||ara d</controlfield><datafield tag="035" ind1=" " ind2=" "><subfield code="a">(MiU)006805270</subfield></datafield><datafield tag="035" ind1=" " ind2=" "><subfield code="a">sdr-miu006805270</subfield></datafield><datafield tag="040" ind1=" " ind2=" "><subfield code="a">MiU</subfield><subfield code="c">MiU</subfield><subfield code="e">amremm</subfield></datafield><datafield tag="043" ind1=" " ind2=" "><subfield code="a">n-us-mi</subfield></datafield><datafield tag="100" ind1="0" ind2=" "><subfield code="6">880-01</subfield><subfield code="a">ʻAlī Zayn al-Dīn al-Ḥakīm.</subfield></datafield><datafield tag="245" ind1="1" ind2="0"><subfield code="6">880-02</subfield><subfield code="a">Sharḥ al-Ījāz,</subfield><subfield code="f">[15th or 16th century?].</subfield></datafield><datafield tag="260" ind1=" " ind2=" "><subfield code="c">[14--? or 15--?].</subfield></datafield><datafield tag="300" ind1=" " ind2=" "><subfield code="a">400 leaves :</subfield><subfield code="b">paper ;</subfield><subfield code="c">265 x 1160 (205 x 115) mm. bound to 270 x 170 mm.</subfield></datafield><datafield tag="500" ind1=" " ind2=" "><subfield code="a">Shelfmark: Ann Arbor, University of Michigan, Special Collections Library, Isl. Ms. 584</subfield></datafield><datafield tag="500" ind1=" " ind2=" "><subfield code="a">Origin: Lacks dated colophon ; paper suggests 15th-16th century ; conceivable that this is an autograph of a minor work.</subfield></datafield><datafield tag="500" ind1=" " ind2=" "><subfield code="a">Accompanying materials: a. Inventory cataloguing slip in hand of Winifred Smeaton Thomas. -- b. Acquisitions slip from Yahuda. -- c. Inserted slips on a mix of Oriental and European papers at pp.52, 78 (sewn-in), 96, 128, 228, 470, 522, and 734 ; with the exception of 470-A, which marks the end of the first 'book', and 96-A these slips appear to contain further notes on the text ; some have been sewn in, others tipped in ; none appear to be in the hand of the copyist, although some of the hands are recognizable from the marignalia ; 96-A may be a slip from a bookseller, with inscription mentioning "penal law" ("droit pénal"), the name "M. Talaat" and numbers that could be prices.</subfield></datafield><datafield tag="500" ind1=" " ind2=" "><subfield code="a">Former shelfmark: From inner front cover and spine label, "IL 181" (likely supplied by Yahuda, see acquisitions slip).</subfield></datafield><datafield tag="500" ind1=" " ind2=" "><subfield code="a">Binding: Pasteboards covered in black cloth with black leather over spine (quarter binding) ; Western binding ; board linings in green wove paper ; resewn in white thread ; in good condition.</subfield></datafield><datafield tag="500" ind1=" " ind2=" "><subfield code="a">Support: non-European (likely Persian) laid paper ; chain lines appear sporadically, occsaionally grouped in twos, 11-14 mm. apart ; roughly 9 laid lines per cm. ; paper is not heavily burnished and is fairly translucent ; the codex was seriously damaged by water and mold at some point, causing some loss of text in the final leaves ; the ms. might benefit from having some of the now dry mold removed.</subfield></datafield><datafield tag="500" ind1=" " ind2=" "><subfield code="a">Decoration: Simple headpiece lightly sketched in red ink at the top of fol. 4b (p.8), consisting of a wide-based triangle sitting atop a three-compartment rectangle, in the middle compartment of which is the basmalah ; texts of fol.4b and 5a are framed in a red rule-border, and the next few folia with a black fillet ; text rubricated with keywords and overlining in red.</subfield></datafield><datafield tag="500" ind1=" " ind2=" "><subfield code="a">Script: Naskh ; Persian or Transoxanian hand (?) ; alifs are sans serif and taper slightly towards the bottom ; counters are closed ; the lām alif al-mukhaffafah is most commonly used.</subfield></datafield><datafield tag="500" ind1=" " ind2=" "><subfield code="a">Layout: Written in 25 lines per page ; frame-ruled.</subfield></datafield><datafield tag="500" ind1=" " ind2=" "><subfield code="a">Collation: 3 + II (7), 48 IV (391), IV + 1 (400) ; chiefly quaternions ; fol.4-6 have been bound in prior to the opening folia, immediately apparent from the existing foliation ; foliated in Hindu-Arabic numerals beginning with ١ on the leaf facing the basmalah and ending with ٤٢٥ ; the foliator appears to have repeated fol. 59, repeated fol.167, jumped from fol.169-180, skipped the fol. between fol. 242 and fol.243, jumped from 289 to 300, repeated 306, and jumped from 389 to 400 ; catchwords present ; pagination in pencil, Western numerals, supplied during cataloguing.</subfield></datafield><datafield tag="500" ind1=" " ind2=" "><subfield code="a">Explicit: "ويقدم على سائر حقوق الغرباء[؟] فضلا عن الوصايا والارث لقوت الاستيلاد"</subfield></datafield><datafield tag="500" ind1=" " ind2=" "><subfield code="a">Incipit: "الحمد لله الذي قوم قوائد الدين بتأسيس اساس الاسلام وشد واركان ضوابط اليقين باحكام ترصيف معاقد الاحكام ورفع ... وسواه وسدده وقواه اشد تسوية واقوى تقويةبالفيض "</subfield></datafield><datafield tag="500" ind1=" " ind2=" "><subfield code="a">Title from inscription on fol.4a (p.7).</subfield></datafield><datafield tag="500" ind1=" " ind2=" "><subfield code="a">Ms. codex.</subfield></datafield><datafield tag="510" ind1="4" ind2=" "><subfield code="a">Ḥajjī Khalīfah. Kashf al-ẓunūn,</subfield><subfield code="c">ii no. 1612</subfield></datafield><datafield tag="520" ind1="8" ind2=" "><subfield code="a">Much glossed commentary attributed to ʻAlī Zayn al-Dīn al-Ḥakīm (possibly an autograph) on al-Ījāz, a Shāfiʻī legal treatise by Maḥmūd ibn Muḥammad al-Kahbanānī al-Aṣfahīdī al-Kirmānī (d.807/1404-5) itself a commentary on the Muḥarrar of ʻAbd al-Karīm ibn Muḥammad al-Rāfiʻī al-Qazwīnī (d.623/1226). Description provided by Noah Gardiner.</subfield></datafield><datafield tag="538" ind1=" " ind2=" "><subfield code="a">Mode of access: Internet.</subfield></datafield><datafield tag="541" ind1=" " ind2=" "><subfield code="a">Acquired in 1926 from the bookseller Isaac Benjamin S.E. Yahuda via purchase transacted on his behalf by Abraham Shalom Yahuda (1877-1951), his younger brother.</subfield></datafield><datafield tag="546" ind1=" " ind2=" "><subfield code="a">Arabic.</subfield></datafield><datafield tag="561" ind1=" " ind2=" "><subfield code="a">Single, many-lobed oval ownership seal impression on fol. 4b (p.8), near the bottom-right corner of the page, "اصفهان" is legible ; filled to superabundance with marginalia in numerous hands, most in various naskhs and some in nastaʻlīq ; most marginal corrections marked with صح ligature seem to be in the copyist's hand ; collation statements seem markedly absent, reinforcing the sense that this may be an autograph work, though they could simply have escaped notice in the sea of marginalia ; glosses are also abundant throughout and marked with assorted abbreviations, some of which presumably refer to hadith authorities ; in some cases references to other texts are identified (see pp.94-95 for examples of attribution to Ibn Ḥajar).</subfield></datafield><datafield tag="600" ind1="1" ind2="0"><subfield code="6">880-04</subfield><subfield code="a">Aṣfahīdī al-Kirmānī, Maḥmūd ibn Muḥammad,</subfield><subfield code="d">d. 1404 or 1405.</subfield><subfield code="t">Ījāz.</subfield></datafield><datafield tag="650" ind1=" " ind2="0"><subfield code="a">Manuscripts, Arabic</subfield><subfield code="z">Michigan</subfield><subfield code="z">Ann Arbor.</subfield></datafield><datafield tag="650" ind1=" " ind2="0"><subfield code="a">Shafiites</subfield><subfield code="v">Early works to 1800.</subfield></datafield><datafield tag="650" ind1=" " ind2="0"><subfield code="a">Islamic law</subfield><subfield code="x">Interpretation and construction</subfield><subfield code="v">Early works to 1800.</subfield></datafield><datafield tag="700" ind1="1" ind2=" "><subfield code="6">880-05</subfield><subfield code="a">Rāfiʻī, ʻAbd al-Karīm ibn Muḥammad,</subfield><subfield code="d">1162-1226.</subfield><subfield code="t">Muḥarrar.</subfield></datafield><datafield tag="773" ind1="0" ind2=" "><subfield code="a">Yahuda Collection.</subfield></datafield><datafield tag="880" ind1="1" ind2=" "><subfield code="6">700-05/</subfield><subfield code="a">رافعي, عبد الكريم بن محمد,</subfield><subfield code="t">محرر.</subfield></datafield><datafield tag="880" ind1="1" ind2="0"><subfield code="6">600-04/</subfield><subfield code="a">اصفهيدي الكرماني, محمود بن محمد,</subfield><subfield code="d">ت. 1404 أو 1405.</subfield><subfield code="t">ايجاز.</subfield></datafield><datafield tag="880" ind1="1" ind2="0"><subfield code="6">245-02/</subfield><subfield code="a">شرح الإيجاز,</subfield><subfield code="f">[القرن 15 أو 16م؟].</subfield></datafield><datafield tag="880" ind1="0" ind2=" "><subfield code="6">100-01/</subfield><subfield code="a">علي زين الدين الحكيم.</subfield></datafield><datafield tag="CID" ind1=" " ind2=" "><subfield code="a">006805270</subfield></datafield><datafield tag="DAT" ind1="0" ind2=" "><subfield code="a">20190719102637.0</subfield><subfield code="b">20190719000000.0</subfield></datafield><datafield tag="DAT" ind1="1" ind2=" "><subfield code="a">20190719090653.0</subfield><subfield code="b">2019-07-19T16:11:39Z</subfield></datafield><datafield tag="DAT" ind1="2" ind2=" "><subfield code="a">2015-10-02T18:00:03Z</subfield></datafield><datafield tag="CAT" ind1=" " ind2=" "><subfield code="a">SDR-MIU</subfield><subfield code="d">EX LIBRIS - ALEPH</subfield><subfield code="l">prepare.pl-004-008</subfield></datafield><datafield tag="FMT" ind1=" " ind2=" "><subfield code="a">BK</subfield></datafield><datafield tag="HOL" ind1=" " ind2=" "><subfield code="0">sdr-miu006805270</subfield><subfield code="a">MiU</subfield><subfield code="b">SDR</subfield><subfield code="c">MIU</subfield><subfield code="p">mdp.39015079127117</subfield><subfield code="s">MIU</subfield><subfield code="1">006805270</subfield></datafield><datafield tag="974" ind1=" " ind2=" "><subfield code="b">MIU</subfield><subfield code="c">MIU</subfield><subfield code="d">20190719</subfield><subfield code="s">lit-dlps-dc</subfield><subfield code="u">mdp.39015079127117</subfield><subfield code="y">1599</subfield><subfield code="r">pd</subfield><subfield code="q">bib</subfield><subfield code="t">non-US bib date2 &lt; 1896</subfield></datafield></record></collection>